<?xml version="1.0" encoding="UTF-8"?><collection xmlns="http://www.loc.gov/MARC21/slim"><record><leader>00404nam--2200133-i-4500</leader><controlfield tag="001">000041179</controlfield><controlfield tag="002">20161230</controlfield><controlfield tag="005">20161230201043</controlfield><controlfield tag="008">060222s1000------------r-----000-0-eng-d</controlfield><datafield ind1=" " ind2=" " tag="100"><subfield code="a">Seetzen, Jurgen</subfield></datafield><datafield ind1=" " ind2=" " tag="245"><subfield code="a">Technologie der abschirmbeton</subfield></datafield><datafield ind1=" " ind2=" " tag="260"><subfield code="a">Dusseldorf, Werner-verlag Gmbh, 1960, 102p</subfield></datafield><datafield ind1=" " ind2=" " tag="490"><subfield code="a">Mitteilungen Aus Dem Institut Fur Masscbau Der Technischen Hoschschule Hannover</subfield></datafield><datafield ind1=" " ind2=" " tag="852"><subfield code="a">12181</subfield></datafield></record></collection>